@InProceedings{KrpanBilobrk2011,
	title = {Introductory programming languages in higher education},
	author = {Krpan, Divna and Bilobrk, Ivan},
	booktitle = {MIPRO, 2011 Proceedings of the 34th International Convention},
	pages = {1331-1336},
	year = {2011},
	month = {May},
}

@book{AhoLamSethiUllman2006,
	author = {Aho, Alfred V. and Lam, Monica S. and Sethi, Ravi and Ullman, Jeffrey D.},
	title = {Compilers: Principles, Techniques, and Tools (2Nd Edition)},
	year = {2006},
	isbn = {0321486811},
	publisher = {Addison-Wesley Longman Publishing Co., Inc.},
	address = {Boston, MA, USA},
}

@article{Daly2011,
	author = {Daly, Tebring},
	title = {Minimizing to Maximize: An Initial Attempt at Teaching Introductory Programming Using Alice},
	journal = {J. Comput. Sci. Coll.},
	issue_date = {May 2011},
	volume = {26},
	number = {5},
	month = may,
	year = {2011},
	issn = {1937-4771},
	pages = {23--30},
	numpages = {8},
	url = {http://ezproxy.bcu.ac.uk:2132/citation.cfm?id=1961574.1961578},
	acmid = {1961578},
	publisher = {Consortium for Computing Sciences in Colleges},
	address = {USA},
}

@inproceedings{VihavainenAiraksinenWatson2014,
	author = {Vihavainen, Arto and Airaksinen, Jonne and Watson, Christopher},
	title = {A Systematic Review of Approaches for Teaching Introductory Programming and Their Influence on Success},
	booktitle = {Proceedings of the Tenth Annual Conference on International Computing Education Research},
	series = {ICER '14},
	year = {2014},
	isbn = {978-1-4503-2755-8},
	location = {Glasgow, Scotland, United Kingdom},
	pages = {19--26},
	numpages = {8},
	url = {http://ezproxy.bcu.ac.uk:2253/10.1145/2632320.2632349},
	doi = {10.1145/2632320.2632349},
	acmid = {2632349},
	publisher = {ACM},
	address = {New York, NY, USA},
	keywords = {analysis, cs1, introductory programming, programming education, systematic review, teaching interventions},
}

@inproceedings{WatsonLi2014,
	author = {Watson, Christopher and Li, Frederick W.B.},
	title = {Failure Rates in Introductory Programming Revisited},
	booktitle = {Proceedings of the 2014 Conference on Innovation \&\#38; Technology in Computer Science Education},
	series = {ITiCSE '14},
	year = {2014},
	isbn = {978-1-4503-2833-3},
	location = {Uppsala, Sweden},
	pages = {39--44},
	numpages = {6},
	url = {http://doi.acm.org/10.1145/2591708.2591749},
	doi = {10.1145/2591708.2591749},
	acmid = {2591749},
	publisher = {ACM},
	address = {New York, NY, USA},
	keywords = {cs1, fail rates, failure rates, introductory programming, pass rates, programming, statistics},
} 

@article{Yadin2011,
	author = {Yadin, Aharon},
	title = {Reducing the Dropout Rate in an Introductory Programming Course},
	journal = {ACM Inroads},
	issue_date = {December 2011},
	volume = {2},
	number = {4},
	month = dec,
	year = {2011},
	issn = {2153-2184},
	pages = {71--76},
	numpages = {6},
	url = {http://ezproxy.bcu.ac.uk:2253/10.1145/2038876.2038894},
	doi = {10.1145/2038876.2038894},
	acmid = {2038894},
	publisher = {ACM},
	address = {New York, NY, USA},
	keywords = {introductory programming course, reducing dropout},
} 

@article{NikulaSajaniemiTedreWray2007,
	title={Python and roles of variables in introductory programming: experiences from three educational institutions},
	author={Nikula, Uolevi and Sajaniemi, Jorma and Tedre, Matti and Wray, Stuart},
	journal={Journal of Information Technology Education},
	volume={6},
	pages={199--214},
	year={2007},
	publisher={Citeseer}
}

@article{JayalLauriaTuckerSwift2011,
	title={Python for teaching introductory programming: A quantitative evaluation},
	author={Jayal, Ambikesh and Lauria, Stasha and Tucker, Allan and Swift, Stephen},
	journal={Innovation in Teaching and Learning in Information and Computer Sciences},
	volume={10},
	number={1},
	pages={86--90},
	year={2011},
	publisher={Taylor \& Francis}
}

@article{Kolling1999,
	title={The problem of teaching object-oriented programming},
	author={K{\"o}lling, Michael},
	journal={Journal of Object Oriented Programming},
	volume={11},
	number={8},
	pages={8--15},
	year={1999}
}

@article{ChakravartyKeller2004,
	author = {Chakravarty,MANUEL M. T. and Keller,GABRIELE},
	title = {The risks and benefits of teaching purely functional programming in first year},
	journal = {Journal of Functional Programming},
	volume = {14},
	issue = {01},
	year = {2004},
	issn = {1469-7653},
	pages = {113--123},
	numpages = {11},
	doi = {10.1017/S0956796803004805},
	URL = {http://journals.cambridge.org/article_S0956796803004805},
}